@web_page{test,
   author = {Florian Becher and Jonas Steitz},
   journal = {Technische Universit√§t Darmstadt},
   month = {1},
   pages = {10-15},
   title = {ISO/OSI-Referenzmodell},
   url = {https://lernarchiv.bildung.hessen.de/sek/informatik/technisch/rechnernetz/allgemein/OSI_Ausarbeitung.pdf},
   year = {2007},
}
